@article{roughgarden2014cs2641,
	title={CS264: Beyond Worst-Case Analysis Lecture\# 1: Three Motivating Examples},
	author={Roughgarden, Tim},
	year={2014}
}
@article{roughgarden2014cs2643,
	title={CS264: Beyond Worst-Case Analysis Lecture\# 3: Online Paging and Resource Augmentation},
	author={Roughgarden, Tim},
	year={2014}
}
@article{sleator1985amortized,
	title={Amortized efficiency of list update and paging rules},
	author={Sleator, Daniel D and Tarjan, Robert E},
	journal={Communications of the ACM},
	volume={28},
	number={2},
	pages={202--208},
	year={1985},
	publisher={ACM}
}
@book{komm2016introduction,
	title={An introduction to online computation: determinism, randomization, advice},
	author={Komm, Dennis},
	year={2016},
	publisher={Springer}
}
@book{albers1996competitive,
	title={Competitive online algorithms},
	author={Albers, Susanne},
	year={1996},
	publisher={Citeseer}
}
@article{fiat1991competitive,
	title={Competitive paging algorithms},
	author={Fiat, Amos and Karp, Richard M and Luby, Michael and McGeoch, Lyle A and Sleator, Daniel D and Young, Neal E},
	journal={Journal of Algorithms},
	volume={12},
	number={4},
	pages={685--699},
	year={1991},
	publisher={Elsevier}
}